@online{llm-chess,
    author = {Nathaniel Green},
    title = {ChatGPT Gives Terrible Chess Advice},
    url = {https://www.chess.com/article/view/chatgpt-chess-advice},
    year = {2024},
}
