@online{realtime-database,
    author = {Google},
    title = {{Firebase Realtime Database}},
    url = {https://firebase.google.com/docs/database},
    year = {2024},
}

@online{nosql,
    author = {IBM},
    title = {{What is a NoSQL database?}},
    url = {https://www.ibm.com/topics/nosql-databases},
    year = {2024},
}

@online{web-assembly,
    author = {WebAssembly},
    title = {WebAssembly},
    url = {https://webassembly.org/},
    year = {2024},
}

@online{about-stockfish,
    author = {Stockfish},
    title = {About Stockfish},
    url = {https://stockfishchess.org/about/},
    year = {2024},
}

@online{tcec-results,
    author = {Wikipedia},
    title = {TCEC Tournament results},
    url = {https://en.wikipedia.org/wiki/Top_Chess_Engine_Championship#Tournament_results},
    year = {2024},
}

@online{github-stockfish,
    author = {official-stockfish},
    title = {Stockfish},
    date = {2024},
    url = {https://github.com/official-stockfish/Stockfish},
}

@online{gplv3,
    author = {GNU},
    title = {GNU General Public License},
    date = {2024},
    url = {https://www.gnu.org/licenses/gpl-3.0.en.html},
}

@online{chess-com-stockfish,
    author = {Chess.com},
    title = {Stockfish},
    date = {2024},
    url = {https://www.chess.com/terms/stockfish-chess-engine},
}

@online{about-lichess,
    author = {lichess.org},
    title = {About lichess.org},
    date = {2024},
    url = {https://lichess.org/about},
}
