@book{murray1913,
    author = {H. J. R. Murray},
    title = {A History of Chess: The Original 1913 Edition},
    url = {https://books.google.dk/books?id=dNSBCgAAQBAJ&lpg=PP1&hl=da&pg=PR11#v=onepage&q&f=false},
    year = {1913},
}

@online{chess.com2024,
    author = {Chess.com},
    title = {Chess.com},
    url = {https://www.chess.com},
    year = {2024},
}

@article{pickel2022,
    author = {Bryan Pickel and Brian Rabern},
    title = {Scorekeeping in a chess game},
    url = {https://semprag.org/index.php/sp/article/view/sp.15.12/3053},
    year = {2022},
}

@book{schiller2012,
    author = {Eric Schiller},
    title = {Scorekeeping in a chess game},
    url = {https://books.google.dk/books?hl=da&lr=&id=7mqs18C0cPcC&oi=fnd&pg=PT8&dq=chess+rules&ots=IsIKCIr2n5&sig=A9rMBrdI6q4F79D9AUNBqk3bY7M&redir_esc=y#v=onepage&q=chess%20rules&f=false},
    year = {2012},
}

@online{fide2024,
    author = {FIDE},
    title = {International Chess Federation},
    url = {https://www.fide.com/},
    year = {2024},
}
