@article{carson2023,
    author = {Jarean Carson and Ion Juvina and Kevin Oâ€™Neill and Chi Hang Wong and
Preston Menke and Kristin M. Kindell and Erin Harmon},
    title = {Peer-Assisted Learning Is More Effective at Higher Task
Complexity and Difficulty},
    url = {https://onlinelibrary.wiley.com/doi/pdf/10.1111/tops.12708},
    year = {2023},
}

@article{schaeffer2007,
    author = {Jonathan Schaeffer and others},
    title = {Checkers Is Solved},
    url = {https://www.science.org/doi/abs/10.1126/science.1144079},
    year = {2007},
}

@article{herik2002,
    author = {Jaap van den Herik and Jos W.H.M. Uiterwijk and Jack van Rijswijck},
    title = {Games solved: Now and in the future},
    url = {https://www-sciencedirect-com.zorac.aub.aau.dk/science/article/pii/S0004370201001527?via%3Dihub},
    year = {2002},
}

@online{syzygy2024,
    author = {Syzygy},
    title = {Syzygy endgame tablebases},
    url = {https://syzygy-tables.info/},
    year = {2024},
}

@article{steinerberger2014,
    author = {Steinerberger and Stefan},
    title = {On the number of positions in chess without promotion},
    url = {https://www.proquest.com/docview/1700062875/fulltextPDF?parentSessionId=LGlTXng3c8aMrl5N8iLXdIk8QdqM%2FgHyZX6%2BrA7RnUc%3D&pq-origsite=primo&accountid=8144&sourcetype=Scholarly%20Journals},
    year = {2014},
}

@book{li2023,
    author = {Shengbo Eben Li},
    title = {Reinforcement Learning for Sequential Decision and Optimal Control},
    url = {https://link-springer-com.zorac.aub.aau.dk/book/10.1007/978-981-19-7784-8},
    year = {2023},
}

@book{saha2009,
    author = {Lawrence J. Saha and A. Gary Dworkin},
    title = {International handbook of research on teachers and teaching},
    url = {https://link.springer.com/content/pdf/10.1007/978-0-387-73317-3.pdf#page=701},
    year = {2009},
}

@book{williams2010,
    author = {Joseph J. Williams and Tania Lombrozo},
    title = {The Role of Explanation in Discovery and Generalization: Evidence From Category Learning},
    url = {https://onlinelibrary.wiley.com/doi/full/10.1111/j.1551-6709.2010.01113.x},
    year = {2010},
}
