@misc{multiplayer-types,
    author = {Victor Epand},
    title = {Three Types of Multiplayer Computer Games},
    url = {https://www.streetdirectory.com/travel_guide/104234/gaming/three_types_of_multiplayer_computer_games.html},
}