@online{google-trends2024,
    author = {Google},
    title = {Google Trends result for keyword \textit{chess}},
    date = {2024-03-05},
    url = {https://trends.google.com/trends/explore?date=today%205-y&q=chess&hl=en},
}

@online{polygon2023,
    author = {Nicole Carpenter},
    title = {Why teens are suddenly obsessed with chess},
    date = {2023-04-12},
    url = {https://www.polygon.com/tabletop-games/23679440/teens-love-chess-memes-boom-2023},
}

@online{nyt2022,
    author = {Greg Keener},
    title = {{Chess is Booming}},
    date = {2022-06-17},
    url = {https://www.nytimes.com/2022/06/17/crosswords/chess/chess-is-booming.html},
}

@online{deadline2020,
    author = {Peter White},
    title = {{`The Queen's Gambit' Becomes Netflix's Biggest Scripted Limited Series With 62M Checking Chess Drama}},
    date = {2020-11-23},
    url = {https://deadline.com/2020/11/queens-gambit-62m-viewers-netflix-1234620378/},
}

@online{business-insider2021,
    author = {Bill Bostock},
    title = {{`The Queen's Gambit' and the pandemic injected new life into the multimillion-dollar chess industry, with
 esports teams and sponsors rushing to snap up the game's Twitch stars}},
    date = {2021-03-18},
    url = {https://www.businessinsider.com/chess-boom-stars-get-new-esports-contracts-sponsorships-2021-3?r=US&IR=T},
}

@online{chessbase2012,
    author = {ChessBase},
    title = {Chess Redux: how many people play chess?},
    date = {2012-08-08},
    url = {https://en.chessbase.com/post/che-redux-how-many-people-play-che-},
}

@online{franklin1786,
    author = {Benjamin Franklin},
    title = {The Morals of Chess},
    date = {1786-12},
    url = {https://americanliterature.com/author/benjamin-franklin/essay/the-morals-of-chess},
}

@article{fattahi2015,
    author = {Fariba Fattahi and Ahmad Geshani and Zahra Jafari and Shohreh Jalaie and Mona Salman Mahini},
    title = {Auditory memory function in expert chess players},
    journal = {Med J Islam Repub Iran},
    year = {2015},
}

@article{aciego2012,
    author = {Ramón Aciego and Lorena García and Moisés Betancort},
    title = {{The Benefits of Chess for the Intellectual and Social-Emotional Enrichment in Schoolchildren}},
    journal = {The Spanish journal of psychology},
    year = {2012},
    volume = {15},
    number = {2},
    pages = {551-559},
    doi = {10.5209/rev_SJOP.2012.v15.n2.38866},
}

@article{poston2019,
    author = {David I. Poston and Kathryn K. Vandenkieboom},
    title = {{The Effect of Chess on Standardized Test Score Gains}},
    journal = {Sage Open},
    year = {2019},
    volume = {9},
    number = {3},
    doi = {10.1177/2158244019870787},
}

@online{skoleskak2024,
    author = {Skoleskak},
    title = {Hvad er skoleskak?},
    year = {2024},
    url = {https://skoleskak.dk/det-gor-vi/?cn-reloaded=1},
}
