@online{chess-ratings,
    author = {Matt Jensen},
    title = {Chess Ratings â€“ All You Need to Know},
    url = {https://chessgoals.com/chess-ratings/},
    year = {2020},
}
