@report{alpha-go-zero,
    author = {David Silver and Thomas Hubert and Julian Schrittweiser and Ioannis Antonoglou and Matthew Lai and Arthur
 Guez and Marc Lanctot and Laurent Sifre and Dharshan Kumaran and Thore Graepel and Timothy Lillicrap and Karen Simonyan
 and Demis Hassabis},
    title = {A general reinforcement learning algorithm that masters chess, shogi and Go through self-play},
    year = {2018},
    pages = {32},
}

@misc{chess-com-chess-engines,
    author = {chess.com and others},
    title = {Computer Chess Engines: A Quick Guide},
    url = {https://www.chess.com/article/view/computer-chess-engines},
}

@misc{zero-sum-games,
    author = {Janet Chen and Su-I Lu and Dan Vekhter},
    title = {Game Theory},
    url = {https://cs.stanford.edu/people/eroberts/courses/soco/projects/1998-99/game-theory/index.html},
}

@misc{how-neural-network-engines-work,
    author = {Maxim Khovanskiy},
    title = {AlphaZero Chess: How it works},
    url =
    {https://towardsdatascience.com/alphazero-chess-how-it-works-what-
sets-it-apart-and-what-it-can-tell-us-4ab3d2d08867},
}

@misc{Garry-Kasparov-vs-Deep-Blue,
    author = {chess.com},
    title = {Kasparov vs. Deep Blue},
    url = {https://www.chess.com/article/view/deep-blue-kasparov-chess},
}

@misc{stockfish-nnue-evaluation,
    author = {Stockfish},
    title = {{Introducing NNUE Evaluation}},
    url = {https://stockfishchess.org/blog/2020/introducing-nnue-evaluation/},
}

@misc{highest-ELO-chess-player,
    author = {chess.com},
    title = {Chess ratings},
    url = {https://www.chess.com/terms/chess-ratings}
}

@online{Chess.com,
    author = {Chess.com},
    title = {Chess.com - Play Chess Online - Free Games},
    date = {2024-03-02},
    url = {Chess.com},
}

@misc{Lichess.org,
    author = {Lichess.org},
    title = {Lichess.org - Free Online Chess},
    url = {https://lichess.org/},
}

@misc{Lichess-Github,
    author = {Lichess.org},
    title = {Lichess.org - Github},
    url = {https://github.com/lichess-org/lila}
}
