@online{typescript,
    author = {Microsoft},
    title = {TypeScript},
    url = {https://www.typescriptlang.org/},
    year = {2024},
}

@online{react,
    author = {Meta},
    title = {React},
    url = {https://react.dev/},
    year = {2024},
}

@online{next.js,
    author = {Vercel},
    title = {Next.js},
    url = {https://nextjs.org/},
    year = {2024},
}

@online{node.js,
    author = {OpenJS},
    title = {Node.js},
    url = {https://nodejs.org/},
    year = {2024},
}

@online{stockfish,
    author = {Stockfish},
    title = {Stockfish},
    url = {https://stockfishchess.org/},
    year = {2024},
}

@online{chess.js,
    author = {Jeff Hlywa},
    title = {Chess.js},
    url = {https://github.com/jhlywa/chess.js},
    year = {2024},
}

@online{react-chessboard,
    author = {Ryan Gregory},
    title = {React Chessboard},
    url = {https://github.com/Clariity/react-chessboard},
    year = {2024},
}

@online{mui,
    author = {MUIers},
    title = {Material UI},
    url = {https://mui.com/material-ui/},
    year = {2024},
}

Yes, that's how MUI devs they call themselves

@online{chatscope,
    author = {Chatscope},
    title = {Chatscope},
    url = {https://chatscope.io/},
    year = {2024},
}

@online{aws,
    author = {Amazon},
    title = {Amazon Web Services},
    url = {https://aws.amazon.com/},
    year = {2024},
}

@online{firebase,
    author = {Google},
    title = {Firebase},
    url = {https://firebase.google.com/},
    year = {2024},
}

@online{vercel,
    author = {Vercel},
    title = {Vercel},
    url = {https://vercel.com/},
    year = {2024},
}

@online{google-cloud-run,
    author = {Google},
    title = {Cloud Run},
    url = {https://cloud.google.com/run},
    year = {2024},
}

@online{docker,
    author = {Docker},
    title = {Docker},
    url = {https://www.docker.com/},
    year = {2024},
}

@online{github,
    author = {Microsoft},
    title = {GitHub},
    url = {https://github.com/},
    year = {2024},
}

@online{py-stockfish,
    author = {Ilya Zhelyabuzhsky},
    title = {py-stockfish},
    url = {https://github.com/py-stockfish/stockfish},
    year = {2024},
}
