@online{hello-world,
    author = {Hello World},
    title = {Hello, world!},
    url = {https://example.com},
}
