@report{P1,
    author = {Kristiyan Mariyan Georgiev and Mads Heilmann and Martin Kedmenec and Sebastian Hemmer Bech Mygind and
 Hasnain Ali Sajad and Jawad Mehmood Khan Qayyum and Simon Woidemann},
    title = {Commuting Personalized},
    institution = {AAU},
    date = {2023-12-21},
}

@report{P2,
    author = {Kristiyan Mariyan Georgiev and Mads Heilmann and Martin Kedmenec and Sebastian Hemmer Bech Mygind and
 Simon Woidemann},
    title = {Conquer the Chessboard},
    institution = {AAU},
    date = {2024-05-29},
}

@book{PBL,
    howpublished = {Samfunds litteratur},
    author = {Jette Egelund Holgaard},
    title = {Problembaseret læring og projekarbejde ved de videregående uddannelser},
    year = {2014}
}

@misc{agile-manifesto,
    author = {Kent Beck and James Grenning and Robert C. Martin and others},
    title = {Agile manifesto},
    url = {https://agilemanifesto.org/},
}

@misc{github-issues,
    author = {Github},
    title = {Github Issues},
    url = {https://github.com/features/issues},
}
